%each entry in a .bib file corresponds to a reference. 
%Rather than add a reference manually - which is very easy to get wrong - it is much better to use a service that can generate the reference for you. You can do it with Google, or Mendeley, or Zotero.  

@book{catsoulis2005designing,
  title={Designing Embedded Hardware: Create New Computers and Devices},
  author={Catsoulis, John},
  year={2005},
  publisher={O'Reilly Media, Inc.}
}
@book{dumas2005computer,
  title={Computer Architecture: Fundamentals and Principles of Computer Design},
  author={Dumas, J.D.},
  isbn={9780849327490},
  lccn={2005049417},
  url={https://books.google.com.hk/books?id=ZWaUurOwMPQC},
  year={2005},
  publisher={Taylor \& Francis}
}

